@article{factorgraph,
  title={Factor graphs and the sum-product algorithm},
  author={Kschischang, Frank R and Frey, Brendan J and Loeliger, H-A},
  journal={IEEE Transactions on information theory},
  volume={47},
  number={2},
  pages={498--519},
  year={2001},
  publisher={IEEE}
}

@article{howardmulti,
  title={Multi-robot simultaneous localization and mapping using particle filters},
  author={Howard, Andrew},
  journal={The International Journal of Robotics Research},
  volume={25},
  number={12},
  pages={1243--1256},
  year={2006},
  publisher={Sage Publications Sage CA: Thousand Oaks, CA}
}

@article{thrunmulti,
  title={Multi-robot SLAM with sparse extended information filers},
  author={Thrun, Sebastian and Liu, Yufeng},
  journal={Robotics Research},
  pages={254--266},
  year={2005},
  publisher={Springer}
}

@inproceedings{zhoumulti,
  title={Multi-robot SLAM with unknown initial correspondence: The robot rendezvous case},
  author={Zhou, Xun S and Roumeliotis, Stergios I},
  booktitle={Intelligent Robots and Systems, 2006 IEEE/RSJ International Conference on},
  pages={1785--1792},
  year={2006},
  organization={IEEE}
}

@incollection{kaessbayestree,
  title={The Bayes tree: An algorithmic foundation for probabilistic robot mapping},
  author={Kaess, Michael and Ila, Viorela and Roberts, Richard and Dellaert, Frank},
  booktitle={Algorithmic Foundations of Robotics IX},
  pages={157--173},
  year={2010},
  publisher={Springer}
}

@article{lumiliosfirstgraphslam,
  title={Globally consistent range scan alignment for environment mapping},
  author={Lu, Feng and Milios, Evangelos},
  journal={Autonomous robots},
  volume={4},
  number={4},
  pages={333--349},
  year={1997},
  publisher={Springer}
}

@article{kaessisam,
  title={iSAM: Incremental smoothing and mapping},
  author={Kaess, Michael and Ranganathan, Ananth and Dellaert, Frank},
  journal={IEEE Transactions on Robotics},
  volume={24},
  number={6},
  pages={1365--1378},
  year={2008},
  publisher={IEEE}
}

@phdthesis{kaessthesis,
   author = {M. Kaess},
   title = {Incremental Smoothing and Mapping},
   school = {Georgia Institute of Technology},
   type = {{Ph.D.}},
   month = {Dec},
   year = {2008}
}

@article{kaessisam2,
  title={iSAM2: Incremental smoothing and mapping using the Bayes tree},
  author={Kaess, Michael and Johannsson, Hordur and Roberts, Richard and Ila, Viorela and Leonard, John J and Dellaert, Frank},
  journal={The International Journal of Robotics Research},
  volume={31},
  number={2},
  pages={216--235},
  year={2012},
  publisher={Sage Publications Sage UK: London, England}
}

@inproceedings{violajones,
  title={Rapid object detection using a boosted cascade of simple features},
  author={Viola, Paul and Jones, Michael},
  booktitle={Computer Vision and Pattern Recognition, 2001. CVPR 2001. Proceedings of the 2001 IEEE Computer Society Conference on},
  volume={1},
  pages={I--I},
  year={2001},
  organization={IEEE}
}

@inproceedings{csmicp,
        author = "Censi, Andrea",
        doi = "10.1109/ROBOT.2008.4543181",
        title = "An {ICP} variant using a point-to-line metric",
        url = "http://purl.org/censi/2007/plicp",
        booktitle = "Proceedings of the {IEEE} International Conference on Robotics and Automation ({ICRA})",
        year = "2008",
        month = "May",
        address = "Pasadena, CA",
        pdf = "http://purl.org/censi/research/2008-icra-plicp.pdf",
}
    
@article{bhattacharyya,
  title={Image segmentation by clustering},
  author={Coleman, Guy Barrett and Andrews, Harry C},
  journal={Proceedings of the IEEE},
  volume={67},
  number={5},
  pages={773--785},
  year={1979},
  publisher={IEEE}
}

@book{lsopt,
  title={Numerical methods for unconstrained optimization and nonlinear equations},
  author={Dennis Jr, John E and Schnabel, Robert B},
  year={1996},
  publisher={SIAM}
}

@article{smithekf,
  title={Estimating uncertain spatial relationships in robotics},
  author={Smith, Randall and Self, Matthew and Cheeseman, Peter},
  journal={arXiv preprint arXiv:1304.3111},
  year={2013}
}

@book{graphandla,
  title={Graph theory and sparse matrix computation},
  author={George, Alan and Gilbert, John R and Liu, Joseph WH},
  volume={56},
  year={2012},
  publisher={Springer Science \& Business Media}
}

@book{golubmatrixbook,
  title={Matrix computations},
  author={Golub, Gene H and Van Loan, Charles F},
  volume={3},
  year={2012},
  publisher={JHU Press}
}

@article{dellaertsam,
  title={Square Root SAM: Simultaneous localization and mapping via square root information smoothing},
  author={Dellaert, Frank and Kaess, Michael},
  journal={The International Journal of Robotics Research},
  volume={25},
  number={12},
  pages={1181--1203},
  year={2006},
  publisher={Sage Publications Sage CA: Thousand Oaks, CA}
}

@book{oldchina,
  title={九章算术 [The nine chapters on the mathematical art: companion and commentary]},
  author={Shen, K. and Crossley, J.N. and Lun, A.W.C. and Liu, H.},
  isbn={9780198539360 English translation available at},
  lccn={99037443},
  url={https://books.google.com/books?id=0DlGAQAAIAAJ},
  year={200 BCE},
  publisher={Oxford University Press}
}

@book{gauss,
  title={Theoria Motus Corporum Coelestium in Sectionibus Conicis Solem Mabientium [Theory of the Motion of
the Heavenly Bodies Moving about the Sun in Conic Sections]},
  author={Carl Friedrich Gauss},
  isbn={English translation available at http://name.umdl.umich.edu/AGG8895.0001.001},
  year={1809},
  publisher={Perthes and Besser, Hamburg, Germany}
}

@book{heggernesordering,
  title={Finding good column orderings for sparse QR factorization},
  author={Heggernes, Pinar and Matstoms, Pontus},
  year={1996},
  publisher={University of Linköping, Department of Mathematics}
}

@article{fgtobn,
  title={Simple linear-time algorithms to test chordality of graphs, test acyclicity of hypergraphs, and selectively reduce acyclic hypergraphs},
  author={Tarjan, Robert E and Yannakakis, Mihalis},
  journal={SIAM Journal on computing},
  volume={13},
  number={3},
  pages={566--579},
  year={1984},
  publisher={SIAM}
}

@book{thrunprobabilistic,
  title={Probabilistic robotics},
  author={Thrun, Sebastian and Burgard, Wolfram and Fox, Dieter},
  year={2005}
}

@article{kaesscovariance,
  title={Covariance recovery from a square root information matrix for data association},
  author={Kaess, Michael and Dellaert, Frank},
  journal={Robotics and autonomous systems},
  volume={57},
  number={12},
  pages={1198--1210},
  year={2009},
  publisher={Elsevier}
}

@incollection{chordalcliqueintro,
  title={An introduction to chordal graphs and clique trees},
  author={Blair, Jean RS and Peyton, Barry},
  booktitle={Graph theory and sparse matrix computation},
  pages={1--29},
  year={1993},
  publisher={Springer}
}

@book{cowellprobabilistic,
  title={Probabilistic networks and expert systems: Exact computational methods for Bayesian networks},
  author={Cowell, Robert G and Dawid, Philip and Lauritzen, Steffen L and Spiegelhalter, David J},
  year={2006},
  publisher={Springer Science \& Business Media}
}

@article{orderingnphard,
  title={Complexity of finding embeddings in ak-tree},
  author={Arnborg, Stefan and Corneil, Derek G and Proskurowski, Andrzej},
  journal={SIAM Journal on Algebraic Discrete Methods},
  volume={8},
  number={2},
  pages={277--284},
  year={1987},
  publisher={SIAM}
}

@article{colamd,
  title={An approximate minimum degree ordering algorithm},
  author={Amestoy, Patrick R and Davis, Timothy A and Duff, Iain S},
  journal={SIAM Journal on Matrix Analysis and Applications},
  volume={17},
  number={4},
  pages={886--905},
  year={1996},
  publisher={SIAM}
}

@article{latrend,
  title={Sparse lu factorization of circuit simulation matrices},
  author={Davis, Tim and Stanley, Ken},
  journal={Go online to http://www. cise. ufl. edu/~ davis/techreports/KLU/pp04. pdf},
  year={2004}
}

@book{dufftrackingexpensive,
  title={Direct methods for sparse matrices},
  author={Duff, Iain S},
  publisher={Oxford: Clarendon press},
  year={1986}
}

@book{georgetrackingexpensive,
  title={On the application of the minimum degree algorithm to finite element systems},
  author={George, Alan and McIntyRE, DAvID R},
  year={1977},
  publisher={Springer}
}

@article{eisenstattrackingexpensive,
  title={Yale sparse matrix package I: The symmetric codes},
  author={Eisenstat, Stanley C and Gursky, MC and Schultz, Martin H and Sherman, Andrew H},
  journal={International Journal for Numerical Methods in Engineering},
  volume={18},
  number={8},
  pages={1145--1151},
  year={1982},
  publisher={Wiley Online Library}
}

@article{chordaloptimalordering,
  title={Incidence matrices and interval graphs},
  author={Fulkerson, Delbert and Gross, Oliver},
  journal={Pacific journal of mathematics},
  volume={15},
  number={3},
  pages={835--855},
  year={1965},
  publisher={Mathematical Sciences Publishers}
}

@techreport{gtsamhandson,
  title={Factor graphs and GTSAM: A hands-on introduction},
  author={Dellaert, Frank},
  year={2012},
  institution={Georgia Institute of Technology}
}

@techreport{imt,
  title={Invertible Matrix Theorem.},
  author={Stover, Christopher},
  institution={MathWorld--A Wolfram Web Resource}
}

@INPROCEEDINGS{dellaertonlysam,
    AUTHOR    = {Frank Dellaert},
    TITLE     = {Square Root {SAM}},
    BOOKTITLE = {Proceedings of Robotics: Science and Systems},
    YEAR      = {2005},
    ADDRESS   = {Cambridge, USA},
    MONTH     = {June},
    DOI       = {10.15607/RSS.2005.I.024} 
}

@inproceedings{gdescent,
  title={Graphical SLAM-a self-correcting map},
  author={Folkesson, John and Christensen, Henrik},
  booktitle={Robotics and Automation, 2004. Proceedings. ICRA'04. 2004 IEEE International Conference on},
  volume={1},
  pages={383--390},
  organization={IEEE}
}

@inproceedings{cgdescent,
  title={Large-scale map-making},
  author={Konolige, Kurt},
  booktitle={Proc. 21th AAAI National Conference on AI},
  year={2004},
  address="San Jose, CA"
}

@article{mlrelaxation,
  title={A multilevel relaxation algorithm for simultaneous localization and mapping},
  author={Frese, Udo and Larsson, Per and Duckett, Tom},
  journal={IEEE Transactions on Robotics},
  volume={21},
  number={2},
  pages={196--207},
  year={2005},
  publisher={IEEE}
}

@inproceedings{variableorderingslam,
  title={Variable reordering strategies for SLAM},
  author={Agarwal, Pratik and Olson, Edwin},
  booktitle={Intelligent Robots and Systems (IROS), 2012 IEEE/RSJ International Conference on},
  pages={3844--3850},
  year={2012},
  organization={IEEE}
}

@inproceedings{multipleisam,
  title={Multiple relative pose graphs for robust cooperative mapping},
  author={Kim, Been and Kaess, Michael and Fletcher, Luke and Leonard, John and Bachrach, Abraham and Roy, Nicholas and Teller, Seth},
  booktitle={Robotics and Automation (ICRA), 2010 IEEE International Conference on},
  pages={3185--3192},
  year={2010},
  organization={IEEE}
}

@inproceedings{csam,
  title={C-SAM: Multi-robot SLAM using square root information smoothing},
  author={Andersson, Lars AA and Nygards, Jonas},
  booktitle={Robotics and Automation, 2008. ICRA 2008. IEEE International Conference on},
  pages={2798--2805},
  year={2008},
  organization={IEEE}
}

@inproceedings{tectonicsam,
  title={Tectonic SAM: Exact, out-of-core, submap-based SLAM},
  author={Ni, Kai and Steedly, Drew and Dellaert, Frank},
  booktitle={Robotics and Automation, 2007 IEEE International Conference on},
  pages={1678--1685},
  year={2007},
  organization={IEEE}
}

@article{fresetreemap,
  title={Treemap: An O (log n) algorithm for indoor simultaneous localization and mapping},
  author={Frese, Udo},
  journal={Autonomous Robots},
  volume={21},
  number={2},
  pages={103--122},
  year={2006},
  publisher={Springer}
}

@inproceedings{freseclosing,
  title={Closing a million-landmarks loop},
  author={Frese, Udo and Schroder, Lutz},
  booktitle={Intelligent Robots and Systems, 2006 IEEE/RSJ International Conference on},
  pages={5032--5039},
  year={2006},
  organization={IEEE}
}

@article{hund,
  title={Hypergraph-based unsymmetric nested dissection ordering for sparse LU factorization},
  author={Grigori, Laura and Boman, Erik G and Donfack, Simplice and Davis, Timothy A},
  journal={SIAM Journal on Scientific Computing},
  volume={32},
  number={6},
  pages={3426--3446},
  year={2010},
  publisher={SIAM}
}

@article{exactordering,
  title={An exact algorithm for graph partitioning},
  author={Hager, William W and Phan, Dzung T and Zhang, Hongchao},
  journal={Mathematical Programming},
  pages={1--26},
  publisher={Springer}
}

@article{markowitzelimination,
  title={The elimination form of the inverse and its application to linear programming},
  author={Markowitz, Harry M},
  journal={Management Science},
  volume={3},
  number={3},
  pages={255--269},
  year={1957},
  publisher={INFORMS}
}

@article{tinneyfirstordering,
  title={Direct solutions of sparse network equations by optimally ordered triangular factorization},
  author={Tinney, William F and Walker, John W},
  journal={Proceedings of the IEEE},
  volume={55},
  number={11},
  pages={1801--1809},
  year={1967},
  publisher={IEEE}
}

@article{amd,
  title={Algorithm 837: AMD, an approximate minimum degree ordering algorithm},
  author={Amestoy, Patrick R and Davis, Timothy A and Duff, Iain S},
  journal={ACM Transactions on Mathematical Software (TOMS)},
  volume={30},
  number={3},
  pages={381--388},
  year={2004},
  publisher={ACM}
}

@article{nesdis,
  title={Nested dissection of a regular finite element mesh},
  author={George, Alan},
  journal={SIAM Journal on Numerical Analysis},
  volume={10},
  number={2},
  pages={345--363},
  year={1973},
  publisher={SIAM}
}

@article{rosegraph,
  title={A graph-theoretic study of the numerical solution of sparse positive definite systems of linear equations},
  author={Rose, Donald J},
  journal={Graph theory and computing},
  volume={183},
  pages={217},
  year={1972}
}

@article{georgeevolution,
  title={The evolution of the minimum degree ordering algorithm},
  author={George, Alan and Liu, Joseph WH},
  journal={Siam review},
  volume={31},
  number={1},
  pages={1--19},
  year={1989},
  publisher={SIAM}
}

@inproceedings{nesdisslam,
  title={Multi-level submap based slam using nested dissection},
  author={Ni, Kai and Dellaert, Frank},
  booktitle={Intelligent Robots and Systems (IROS), 2010 IEEE/RSJ International Conference on},
  pages={2558--2565},
  year={2010},
  organization={IEEE}
}

@article{matching,
  title={On algorithms for permuting large entries to the diagonal of a sparse matrix},
  author={Du, Iain S and Koster, Jacko},
  year={1999}
}

@article{suitesparse,
  title={The University of Florida sparse matrix collection},
  author={Davis, Timothy A and Hu, Yifan},
  journal={ACM Transactions on Mathematical Software (TOMS)},
  volume={38},
  number={1},
  pages={1},
  year={2011},
  publisher={ACM}
}

@article{parallelqr,
  title={Block Householder transformation for parallel QR factorization},
  author={Rotella, F and Zambettakis, I},
  journal={Applied mathematics letters},
  volume={12},
  number={4},
  pages={29--34},
  year={1999},
  publisher={Elsevier}
}

@misc{radish,
author = "Andrew Howard and Nicholas Roy", 
year = "2003",
title = "The Robotics Data Set Repository (Radish)",
url = "http://radish.sourceforge.net/",
}
    
@inproceedings{csmpaper,
  title={An ICP variant using a point-to-line metric},
  author={Censi, Andrea},
  booktitle={Robotics and Automation, 2008. ICRA 2008. IEEE International Conference on},
  pages={19--25},
  year={2008},
  organization={IEEE}
}    

@inproceedings{classifier1,
  title={k-means++: The advantages of careful seeding},
  author={Arthur, David and Vassilvitskii, Sergei},
  booktitle={Proceedings of the eighteenth annual ACM-SIAM symposium on Discrete algorithms},
  pages={1027--1035},
  year={2007},
  organization={Society for Industrial and Applied Mathematics}
}

@book{classifier2,
  title={Introduction To Algorithms},
  author={Cormen, T.H. and Leiserson, C.E. and Rivest, R.L. and Stein, C.},
  isbn={9780262032933},
  lccn={00103127},
  url={https://books.google.com/books?id=NLngYyWFl\_YC},
  year={2001},
  publisher={MIT Press}
}

@inproceedings{classifier4,
  title={Empirical analysis of detection cascades of boosted classifiers for rapid object detection},
  author={Lienhart, Rainer and Kuranov, Alexander and Pisarevsky, Vadim},
  booktitle={Joint Pattern Recognition Symposium},
  pages={297--304},
  year={2003},
  organization={Springer}
}

@inproceedings{classifier6,
  title={Improved boosting algorithms using confidence-rated predictions},
  author={Schapire, Robert E and Singer, Yoram},
  booktitle={Proceedings of the eleventh annual conference on Computational learning theory},
  pages={80--91},
  year={1998},
  organization={ACM}
}

@article{classifier7,
  title={A short introduction to boosting},
  author={Freund, Yoav and Schapire, Robert},
  journal={Journal-Japanese Society For Artificial Intelligence},
  volume={14},
  number={771-780},
  pages={1612},
  year={1999},
  publisher={JAPANESE SOC ARTIFICIAL INTELL}
}

@article{classifier10,
  title={Estimation and Tracking: Principles, Techniques, and Software [Reviews and Abstracts]},
  author={Bar-Shalom, Yaakov and Li, Xiao-Rong},
  journal={IEEE Antennas and Propagation Magazine},
  volume={38},
  number={1},
  pages={62},
  year={1996},
  publisher={IEEE}
}

@article{classifier11,
  title={Data association in stochastic mapping using the joint compatibility test},
  author={Neira, Jos{\'e} and Tard{\'o}s, Juan D},
  journal={IEEE Transactions on robotics and automation},
  volume={17},
  number={6},
  pages={890--897},
  year={2001},
  publisher={IEEE}
}

@article{classifier13,
  title={An analysis of the Viola-Jones face detection algorithm},
  author={Wang, Yi-Qing},
  journal={Image Processing On Line},
  volume={4},
  pages={128--148},
  year={2014}
}

@article{classifier14,
    author = {Bradski, G.},
    citeulike-article-id = {2236121},
    journal = {Dr. Dobb's Journal of Software Tools},
    keywords = {bibtex-import},
    posted-at = {2008-01-15 19:21:54},
    priority = {4},
    title = {OpenCV},
    year = {2000}
}

@inproceedings{multi1,
  title={Multi-robot mapping using manifold representations},
  author={Howard, Andrew},
  booktitle={Robotics and Automation, 2004. Proceedings. ICRA'04. 2004 IEEE International Conference on},
  volume={4},
  pages={4198--4203},
  year={2004},
  organization={IEEE}
}

@inproceedings{multi2,
  title={Towards multi-vehicle simultaneous localisation and mapping},
  author={Williams, Stefan B and Dissanayake, Gamini and Durrant-Whyte, Hugh},
  booktitle={Robotics and Automation, 2002. Proceedings. ICRA'02. IEEE International Conference on},
  volume={3},
  pages={2743--2748},
  year={2002},
  organization={IEEE}
}

@inproceedings{multi3,
  title={Cooperative concurrent mapping and localization},
  author={Fenwick, John W and Newman, Paul M and Leonard, John J},
  booktitle={Robotics and Automation, 2002. Proceedings. ICRA'02. IEEE International Conference on},
  volume={2},
  pages={1810--1817},
  year={2002},
  organization={IEEE}
}

@article{cfs,
  title={Concurrent filtering and smoothing: A parallel architecture for real-time navigation and full smoothing},
  author={Williams, Stephen and Indelman, Vadim and Kaess, Michael and Roberts, Richard and Leonard, John J and Dellaert, Frank},
  journal={The International Journal of Robotics Research},
  volume={33},
  number={12},
  pages={1544--1568},
  year={2014},
  publisher={Sage Publications Sage UK: London, England}
}